% This file was created with Citavi 6.3.0.0

@misc{AssociatedPress.2019,
 abstract = {Shocking Statment about the Old People Challenge FaceApp Privacy issue. Why he will not let Russian servers access his privacy},
 author = {{Associated Press}},
 year = {2019},
 title = {FaceApp Privacy Issue With Russia | Scandalous Statement},
 url = {https://usa.inquirer.net/34663/faceapp-privacy-issue-with-russia},
 keywords = {faceapp;Russia;uspromo},
 urldate = {28.10.2019}
}


@misc{Barabas.2017,
 author = {Barabas, Chelsea and Narula, Neha and Zuckerman, Ethan},
 editor = {{The Center for Civic Media {\&} The Digital Currency Initiative MIT Media Lab}},
 year = {2017},
 title = {Defending Internet Freedom through Decentralization: Back to the Future?},
 urldate = {28.10.2019},
 file = {Decentralized Web - A report by the MIT Digital Currency Initiative and the Center for Civic Media:D\:\\CloudStation\\03 THM\\01 Module\\Vertiefungsseminar IT\\98 Citavi\\Decentralized Web Seminararbeit\\Citavi Attachments\\Decentralized Web - A report by the MIT Digital Currency Initiative and the Center for Civic Media.pdf:pdf}
}


@misc{Benet.2014,
 abstract = {The InterPlanetary File System (IPFS) is a peer-to-peer distributed file system that seeks to connect all computing devices with the same system of files. In some ways, IPFS is similar to the Web, but IPFS could be seen as a single BitTorrent swarm, exchanging objects within one Git repository. In other words, IPFS provides a high throughput content-addressed block storage model, with content-addressed hyper links. This forms a generalized Merkle DAG, a data structure upon which one can build versioned file systems, blockchains, and even a Permanent Web. IPFS combines a distributed hashtable, an incentivized block exchange, and a self-certifying namespace. IPFS has no single point of failure, and nodes do not need to trust each other.},
 author = {Benet, Juan},
 year = {2014},
 title = {IPFS - Content Addressed, Versioned, P2P File System},
 url = {http://arxiv.org/pdf/1407.3561v1},
 keywords = {Computer Science - Distributed Parallel and Cluster Computing;Computer Science - Networking and Internet Architecture},
 originalyear = {2014},
 file = {ipfs-p2p-file-system:D\:\\CloudStation\\03 THM\\01 Module\\Vertiefungsseminar IT\\98 Citavi\\Decentralized Web Seminararbeit\\Citavi Attachments\\ipfs-p2p-file-system.pdf:pdf}
}


@misc{Beutelsbacher.2016,
 abstract = {Sie sind erfolgreich, m{\"a}chtig und unberechenbar. Vier Technologie-Konzerne beherrschen die globale {\"O}konomie. Ihr Einfluss reicht inzwischen so weit, dass sie ein Risiko f{\"u}r die Welt geworden sind.},
 author = {Beutelsbacher, Stefan and Sommerfeldt, Nando and Zsch{\"a}pitz, Holger},
 editor = {WELT},
 year = {2016},
 title = {Die gef{\"a}hrliche Dominanz der gro{\ss}en Vier},
 url = {https://www.welt.de/finanzen/article150809163/Die-gefaehrliche-Dominanz-der-grossen-Vier.html},
 keywords = {Aberbillionen;Amazon;Amerika;Apple;Beutelsbacher-Stefan;Bill Gates;China;Cupertino;Europ{\"a}ische Union;Facebook;GAFA;Google;Politik;Sommerfeldt-Nando;Technologist;Zschaepitz-Holger},
 urldate = {28.10.2019}
}


@misc{Bitkom.2019,
 abstract = {Wie viele Menschen nutzen das Internet? Diese Statistik zeigt die Entwicklung der Anzahl der Internetnutzer weltweit bis 2018.},
 author = {Bitkom},
 editor = {{Statista - Das Statistik-Portal}},
 year = {2019},
 title = {Anzahl der Internetnutzer weltweit 2016  | Statista},
 url = {https://de.statista.com/statistik/daten/studie/186370/umfrage/anzahl-der-internetnutzer-weltweit-zeitreihe/},
 urldate = {28.10.2019}
}


@misc{Blockchain.2019,
 abstract = {The size of the Bitcoin blockchain has experienced consistently high levels of growth since its creation, reaching approximately 242.39 gigabytes in size as of the end of September 2019.},
 author = {Blockchain},
 editor = {{Statista - Das Statistik-Portal}},
 year = {2019},
 title = {Bitcoin blockchain size 2010-2019},
 url = {https://www.statista.com/statistics/647523/worldwide-bitcoin-blockchain-size/},
 urldate = {31.12.2019}
}


@misc{Blockchainhub.net.2019,
 abstract = {The WWW revolutionized information in the 1990's. 10 years later, the Internet became more mature {\&}~programmable. We saw the rise of the so called Web2, which brought us social media and e-commerce platforms.},
 author = {Blockchainhub.net},
 year = {2019},
 title = {Web3 - The Decentralized Web},
 url = {https://blockchainhub.net/web3-decentralized-web/},
 urldate = {28.10.2019}
}


@misc{Blockchainwelt.2019,
 abstract = {Storj ist ein dezentraler und verschl{\"u}sselter Cloud-Speicher, der Blockchain und Kryptografie integriert, um eine h{\"o}here Datensicherheit zu erm{\"o}glichen},
 author = {Blockchainwelt},
 year = {2019},
 title = {Storj - die dezentrale Speicherplattform},
 url = {https://blockchainwelt.de/storj-dezentrale-speicherplattform/},
 keywords = {Blockchain Anwendungen;StartUps},
 urldate = {31.12.2019}
}


@misc{Bonset.2019,
 abstract = {Die Rufe nach dem Web 3 werden immer lauter: Tim Berners-Lee, der Vater des Internets, die Mozilla Foundation und andere fordern ein ...},
 author = {Bonset, S{\'e}bastien},
 editor = {t3n},
 year = {2019},
 title = {Web 3 -- der Anfang vom Ende der Plattform{\"o}konomie ist dezentral},
 url = {https://t3n.de/news/web-3-der-anfang-vom-ende-der-plattformoekonomie-ist-dezentral-982153/},
 urldate = {28.10.2019}
}


@misc{BTCAcademy.2018,
 abstract = {Satoshi Nakamoto ist das Pseudonym der unbekannten Person oder Gruppe, die das Bitcoin-Protokoll entwickelt hat.},
 author = {{BTC Academy}},
 year = {2018},
 title = {Wer ist Satoshi Nakamoto?},
 url = {https://www.btc-echo.de/academy/bibliothek/wer-ist-satoshi-nakamoto/},
 urldate = {29.12.2019}
}


@misc{CAPinside.2018,
 abstract = {Fiatgeld ist eine W{\"a}hrung, die keinen inneren bzw. festen Wert hat und durch gesetzliche Bestimmungen als Zahlungsmittel festgelegt wird. Traditionell basier...},
 author = {CAPinside},
 year = {2018},
 title = {Was bitte sind FIAT-W{\"a}hrungen? - Eine kurze Einf{\"u}hrung},
 url = {https://capinside.com/contents/was-bitte-sind-fiat-waehrungen-eine-kurze-geschichte},
 urldate = {30.12.2019}
}


@misc{CERN.2020,
 author = {CERN},
 year = {2020},
 title = {The birth of the Web | CERN},
 url = {https://home.cern/science/computing/birth-web},
 keywords = {CERN;high-energy physics;Large Hadron Collider;LHC;particles;physics;science},
 urldate = {18.01.2020}
}


@misc{CiscoSystems.2011,
 abstract = {Die Statistik zeigt eine Prognose zur Anzahl vernetzter Ger{\"a}te weltweit in den Jahren 2003 bis 2020.},
 author = {{Cisco Systems}},
 editor = {{Statista - Das Statistik-Portal}},
 year = {2011},
 title = {Anzahl vernetzte Ger{\"a}te weltweit bis 2020 I Prognose | Statista},
 url = {https://de.statista.com/statistik/daten/studie/479023/umfrage/prognose-zur-anzahl-der-vernetzten-geraete-weltweit/},
 urldate = {28.10.2019}
}


@misc{Clark.2018,
 abstract = {The father of the World Wide Web has a new venture-funded business called inrupt -- emerging from stealth today.},
 author = {Clark, Kate},
 year = {2018},
 title = {Tim Berners-Lee is on a mission to decentralize the web},
 url = {https://techcrunch.com/2018/10/09/tim-berners-lee-is-on-a-mission-to-decentralize-the-web/},
 urldate = {31.12.2019}
}


@misc{CodersBlog.de.2019,
 abstract = {Was ist IPFS bzw. wie funktioniert IPFS? IPFS ist ein Protokoll und ein Netzwerk um ein verteiltes Dateisystem zu bilden, welches auf P2P (peer-to-peer)},
 author = {CodersBlog.de},
 year = {2019},
 title = {Einf{\"u}hrung in das IPFS (InterPlanetary File System)},
 url = {http://www.codersblog.de/einfuehrung-in-das-ipfs-interplanetary-file-system/},
 keywords = {Blockchain;ipfs;peer-to-peer},
 urldate = {31.12.2019}
}


@article{Crosby.2016,
 author = {Crosby, Michael and Nachiappan and Pattanayak, Pradan and Verma, Sanjeev and Kalyanaraman, Vignesh},
 year = {2016},
 title = {BlockChain Technology: Beyond Bitcoin},
 url = {https://j2-capital.com/wp-content/uploads/2017/11/AIR-2016-Blockchain.pdf},
 urldate = {29.12.2019},
 file = {AIR-2016-Blockchain:D\:\\CloudStation\\03 THM\\01 Module\\Vertiefungsseminar IT\\98 Citavi\\Decentralized Web Seminararbeit\\Citavi Attachments\\AIR-2016-Blockchain.pdf:pdf}
}


@misc{Duden.2019,
 abstract = {Definition, Rechtschreibung, Synonyme und Grammatik von 'Killerapplikation' auf Duden online nachschlagen. W{\"o}rterbuch der deutschen Sprache.},
 author = {Duden},
 year = {2019},
 title = {Duden | Killerapplikation | Rechtschreibung, Bedeutung, Definition, Herkunft},
 url = {https://www.duden.de/rechtschreibung/Killerapplikation},
 urldate = {28.10.2019}
}


@misc{Ethereum.2019,
 author = {Ethereum},
 year = {2019},
 title = {Ethereum.org},
 url = {https://ethereum.org/de/},
 urldate = {30.12.2019}
}


@misc{Ethereum.2019b,
 author = {Ethereum},
 year = {2019},
 title = {web3.js documentation},
 url = {https://web3js.readthedocs.io/en/v1.2.4/},
 urldate = {02.12.2019}
}


@misc{Fiedler.2016,
 abstract = {Gr{\"u}ne Schrift auf schwarzem Grund: Tim Berners-Lee ver{\"o}ffentlichte die erste Webseite der Welt. Kaum zu glauben, dass das erst 25 Jahre her ist.},
 author = {Fiedler, Maria},
 year = {2016},
 title = {Wie Tim Berners-Lee das Web erfand},
 url = {https://www.tagesspiegel.de/gesellschaft/25-jahre-www-wie-tim-berners-lee-das-web-erfand/13946806.html},
 urldate = {02.12.2019}
}


@misc{gdamdam.2019,
 abstract = {an awesome list of decentralized services and technologies - gdamdam/awesome-decentralized-web},
 author = {gdamdam},
 year = {2019},
 title = {Awesome Decentralized Web},
 url = {https://github.com/gdamdam/awesome-decentralized-web},
 urldate = {28.10.2019}
}


@misc{Gerring.2016,
 author = {Gerring, Taylor},
 editor = {{Ethereum Stack Exchange}},
 year = {2016},
 title = {What is Swarm and what is it used for?},
 url = {https://ethereum.stackexchange.com/questions/375/what-is-swarm-and-what-is-it-used-for},
 urldate = {31.12.2019}
}


@misc{GMX.2018,
 abstract = {Diese Statistik zeigt das Ergebnis einer Umfrage zu Datenschutzbedenken gegen{\"u}ber amerikanischen Anbietern von Online-Angeboten in Deutschland in ausgew{\"a}hlten Jahren von 2010 bis 2018.},
 author = {GMX},
 editor = {{Statista - Das Statistik-Portal}},
 year = {2018},
 title = {Datenschutz - Bedenken gegen{\"u}ber amerikanischen Anbietern von Online-Angeboten in Deutschland 2018  | Statista},
 url = {https://de.statista.com/statistik/daten/studie/869457/umfrage/datenschutzbedenken-gegenueber-amerikanischen-anbietern-von-online-angeboten-in-deutschland/},
 urldate = {28.10.2019}
}


@misc{Hayes.2016,
 abstract = {Damage control over a huge Ethereum theft led to a radical solution: Split Ethereum into two.},
 author = {Hayes, Adam},
 year = {2016},
 title = {Why are There Now Two Ethereums?},
 url = {https://www.investopedia.com/articles/investing/080516/why-are-there-now-two-ethereums.asp},
 urldate = {31.12.2019}
}


@book{Held.2002,
 author = {Held, G.},
 year = {2002},
 title = {The ABCs of TCP/IP},
 url = {https://books.google.de/books?id=AvC4qJ7oPtIC},
 publisher = {{Taylor {\&} Francis}},
 isbn = {9781439832301}
}


@misc{Hilz.,
 abstract = {Was ist das Semantic Web? ✅ Wie funktioniert das semantische Netz? ✅ Auswirkungen auf das Online Marketing ➜ Hier den Wiki Eintrag lesen!},
 author = {Hilz, Jascha},
 title = {Semantic Web: Definition {\&} Grundlagen},
 url = {https://www.advidera.com/glossar/semantic-web/},
 urldate = {02.12.2019}
}


@misc{Horizont.2017,
 abstract = {Diese Statistik bildet das Ergebnis einer Umfrage zum Vertrauen in den Datenschutz von Internet-Unternehmen in Deutschland im Jahr 2017 ab.},
 author = {Horizont},
 editor = {{Statista - Das Statistik-Portal}},
 year = {2017},
 title = {Datenschutz - Vertrauen in Internetunternehmen in Deutschland 2017  | Statista},
 url = {https://de.statista.com/statistik/daten/studie/790373/umfrage/vertrauen-in-den-datenschutz-von-internetunternehmen-in-deutschland/},
 urldate = {28.10.2019}
}


@misc{IdeasEngineering.2018,
 abstract = {IPFS ist das Web von morgen!  Das ist zumindest der Claim. Erkl{\"a}rtes  Ziel ist es, HTTP abzul{\"o}sen und die Grundlage f{\"u}r ein besseres Web f{\"u}r  uns alle zu schaffen. Kein geringer Anspruch. Was ist dran? Wir wollen  es genauer wissen und setzen uns zum Ziel, die Ideas Engineering Website  im IPFS Netz},
 author = {{Ideas Engineering}},
 year = {2018},
 title = {Das Interplanetary File System (IPFS)},
 url = {https://www.ideas-engineering.io/blog/2018/10/inter-planetary-file-system},
 urldate = {31.12.2019}
}


@misc{IPDB.2018,
 abstract = {IPDB Foundation will be taking over governance of the BigchainDB software, testnet, and related intellectual property (IP) via a donation$\ldots$},
 author = {IPDB},
 year = {2018},
 title = {IPDB Foundation Assumes Governance of BigchainDB Software and Testnet},
 url = {https://medium.com/ipdb-blog/ipdb-foundation-assumes-governance-of-bigchaindb-software-and-testnet-51235322e14c},
 urldate = {31.12.2019}
}


@misc{IPlyticsGmbH.2019,
 abstract = {Gem{\"a}{\ss} des online-basierten Market Intelligence Tools IPlytics wurden im Laufe des Jahres 2018 weltweit etwa 317 Blockchain-bezogene Unternehmen oder Start-ups gegr{\"u}ndet.},
 author = {{IPlytics GmbH}},
 editor = {{Statista - Das Statistik-Portal}},
 year = {2019},
 title = {Blockchain-Unternehmen und Start-ups weltweit - Anzahl der j{\"a}hrlichen Gr{\"u}ndungen bis 2018},
 url = {https://de.statista.com/statistik/daten/studie/1062771/umfrage/anzahl-der-pro-jahr-gegruendeten-blockchain-unternehmen-und-start-ups-weltweit/},
 urldate = {19.01.2020}
}


@misc{ITWissen.info.2017,
 author = {ITWissen.info},
 year = {2017},
 title = {SPoF (single point of failure)},
 url = {https://www.itwissen.info/SPoF-single-point-of-failure.html},
 keywords = {Blockchain;Cluster;Computer;Daten;HV (Hochverf{\"u}gbarkeit);Router;Stecker;Switch;System;Verf{\"u}gbarkeit},
 urldate = {28.10.2019}
}


@misc{Kneisel.2017,
 author = {Kneisel, Peter and Priefer, Dennis and Rost, Wolf},
 year = {2017},
 title = {3-Wege-Handshake: Webbasierte Programmierung 2},
 editor = {IIS},
 file = {handshake:D\:\\CloudStation\\03 THM\\01 Module\\Vertiefungsseminar IT\\98 Citavi\\Decentralized Web Seminararbeit\\Citavi Attachments\\handshake.png:png}
}


@misc{Krause.2008,
 author = {Krause, Maike},
 editor = {{Planet Schule}},
 year = {2008},
 title = {Timothy Berners-Lee und das World Wide Web},
 url = {https://www.planet-schule.de/wissenspool/meilensteine-der-naturwissenschaft-und-technik/inhalt/hintergrund/technik/timothy-berners-lee-und-das-world-wide-web.html},
 urldate = {28.10.2019}
}


@misc{Krypto.2018,
 abstract = {Auf YouTube findest du gro{\ss}artige Videos und erstklassige Musik. Au{\ss}erdem kannst du eigene Inhalte hochladen und mit Freunden oder mit der ganzen Welt teilen.},
 author = {Krypto},
 year = {2018},
 title = {Was sind Smart Contracts? Intelligente Vertr{\"a}ge einfach in 6 Minuten erkl{\"a}rt!},
 url = {https://www.youtube.com/watch?v=SOXLWNPP8d0},
 keywords = {E-Mail;hochladen;Kamerahandy;kostenlos;Video;Videohandy},
 urldate = {30.12.2019}
}


@misc{Kyriasoglou.2018,
 abstract = {Volle Kontrolle f{\"u}r den Nutzer gibt es im Netz nicht. Blockstack aus New York will das jetzt {\"a}ndern. Auch die Winklevoss-Zwillinge glauben an die Idee.},
 author = {Kyriasoglou, Christina},
 year = {2018},
 title = {Diese Gr{\"u}nder bauen mit der Blockchain ein neues Internet},
 url = {https://www.gruenderszene.de/allgemein/blockstack-blockchain-shea-internet},
 address = {Mountain View},
 urldate = {31.12.2019}
}


@misc{Lenz.2017,
 abstract = {Bitcoin ist langsam, teuer und energieintensiv -- so lautet oft die Kritik.},
 author = {Lenz, Andreas},
 editor = {t3n},
 year = {2017},
 title = {Blase? Nein! Warum Bitcoin und Blockchain die n{\"a}chste Evolutionsstufe des Internets sind},
 url = {https://t3n.de/news/bitcoin-blase-blockchain-884755/},
 urldate = {28.10.2019}
}


@book{Lovink.2014,
 abstract = {Long description: W{\"a}hrend die meisten Facebook-User noch mit Freund-Werden, {\frqq}Liken{\flqq} und Kommentieren besch{\"a}ftigt sind, ist es an der Zeit, auch die Konsequenzen unserer informations{\"u}bers{\"a}ttigten Lebensweise zu betrachten. Warum machen wir so flei{\ss}ig bei den sozialen Netzwerken mit? Und wie h{\"a}ngt unsere Fixierung auf Identit{\"a}t und Selbstmanagement mit der Fragmentierung und Datenflut in der Online-Kultur zusammen? Mit seinen Studien zu Suchmaschinen, Online-Videos, Blogging, digitalem Radio, Medienaktivismus und WikiLeaks dringt Lovink in neue Theoriefelder vor und formuliert eine klare Botschaft: Wir m{\"u}ssen unsere kritischen F{\"a}higkeiten nutzen und auf das technologische Design und Arbeitsfeld Einfluss nehmen, sonst werden wir in der digitalen Wolke verschwinden.; Review quote: Besprochen in: taz, 12./13.01.2013, Felix Ekardt GMK-Newsletter, 1 (2013) IT, 12/1 (2013) www.satt.org, 2 (2013), J{\"o}rg Auberg Computer und Arbeit, 7-8 (2013)


Biographical note: Geert Lovink (PhD), niederl{\"a}ndisch-australischer Medientheoretiker, Internetaktivist und Netzkritiker, ist Leiter des Institute of Network Cultures an der Hochschule von Amsterdam, Associate Professor f{\"u}r Media Studies an der Universit{\"a}t Amsterdam und Professor f{\"u}r Medientheorie an der European Graduate School. Bei transcript ist von ihm erschienen: {\frqq}Zero Comments. Elemente einer kritischen Internetkultur{\flqq} (2008).},
 author = {Lovink, Geert},
 year = {2014},
 title = {Das halbwegs Soziale: Eine Kritik der Vernetzungskultur},
 url = {http://gbv.eblib.com/patron/FullRecord.aspx?p=1918173},
 keywords = {Culture;Kultur;Media;Media Studies;Media Theory;Medien;Medientheorie;Medienwissenschaft;Politics;Politik;Social Media;Soziale Netzwerke;Web 2.0},
 address = {Bielefeld},
 edition = {1. Aufl.},
 publisher = {transcript},
 isbn = {9783837619577},
 series = {Medienwissenschaft},
 file = {Das halbwegs Soziale - 1 Inhalt:D\:\\CloudStation\\03 THM\\01 Module\\Vertiefungsseminar IT\\98 Citavi\\Decentralized Web Seminararbeit\\Citavi Attachments\\Das halbwegs Soziale - 1 Inhalt.pdf:pdf;Das halbwegs Soziale - 3 Ein letzter Blick auf das Web 2.0:D\:\\CloudStation\\03 THM\\01 Module\\Vertiefungsseminar IT\\98 Citavi\\Decentralized Web Seminararbeit\\Citavi Attachments\\Das halbwegs Soziale - 3 Ein letzter Blick auf das Web 2.0.pdf:pdf;Das halbwegs Soziale - 4 Psychopathologie der Informationsüberflutung:D\:\\CloudStation\\03 THM\\01 Module\\Vertiefungsseminar IT\\98 Citavi\\Decentralized Web Seminararbeit\\Citavi Attachments\\Das halbwegs Soziale - 4 Psychopathologie der Informationsüberflutung.pdf:pdf}
}


@misc{Luber.2018,
 abstract = {In einem Peer-to-Peer-Netzwerk sind alle Teilnehmer untereinander gleichberechtigt. Es existieren keine typischen Client-Server-Strukturen und jeder Rechner kann Funktionen, Ressourcen oder Services anbieten oder diese in Anspruch nehmen. Die Daten sind dezentral organisiert und verteilt.},
 author = {Luber, Stefan and Donner, Andreas},
 editor = {{IP Insider}},
 year = {2018},
 title = {Was ist Peer-to-Peer (P2P)?},
 url = {https://www.ip-insider.de/was-ist-peer-to-peer-p2p-a-654713/},
 urldate = {31.12.2019}
}


@misc{Panetta.2019,
 abstract = {The Gartner Hype Cycle highlights the 29 emerging technologies CIOs should experiment with over the next year.},
 author = {Panetta, Kasey},
 year = {2019},
 title = {5 Trends Appear on the Gartner Hype Cycle for Emerging Technologies, 2019},
 url = {https://www.gartner.com/smarterwithgartner/5-trends-appear-on-the-gartner-hype-cycle-for-emerging-technologies-2019},
 keywords = {smarter with gartner},
 urldate = {31.12.2019}
}


@misc{Park.2018,
 abstract = {Entgegen dem Wunsch seines Erfinders wird das WWW heute von einer Handvoll Quasi-Monopolisten dominiert.},
 author = {Park, Enno},
 year = {2018},
 title = {Solid: Wie WWW-Erfinder Tim Berners-Lee ein neues, besseres Internet plant},
 url = {https://t3n.de/news/solid-www-erfinder-tim-955024/},
 urldate = {31.12.2019}
}


@misc{ProtocolLabs.2019,
 abstract = {Protocol Labs is a research, development, and deployment institution for improving Internet technology.},
 author = {{Protocol Labs}},
 year = {2019},
 title = {IPFS~Project},
 url = {https://protocol.ai/projects/#IPFS},
 urldate = {31.12.2019}
}


@misc{Reiff.2019,
 abstract = {A group of developers launched the DAO, or decentralized autonomous organization, in 2016.},
 author = {Reiff, Nathan},
 year = {2019},
 title = {What Is the DAO?},
 url = {https://www.investopedia.com/tech/what-dao/},
 urldate = {31.12.2019}
}


@misc{Schmiechen.2016,
 abstract = {Es geht l{\"a}ngst nicht mehr nur um Bitcoin. Ascribe aus Berlin hat ein Produkt entwickelt, das die Zukunftstechnologie in vielen Bereichen einsetzbar macht.},
 author = {Schmiechen, Frank},
 year = {2016},
 title = {Hier ist die Blockchain f{\"u}r alle},
 url = {https://www.gruenderszene.de/allgemein/blogchain-bigchain-nerdstuff},
 urldate = {31.12.2019}
}


@misc{shivang.2018,
 abstract = {This article is a comprehensive write-up into centralized, decentralized {\&} distributed systems. What are they? What are the differences between them? How do these terms fit into software design? Isn't decentralized {\&} distributed the same thing? Can they be used synonymously? Let's talk everything about them.},
 author = {shivang},
 year = {2018},
 title = {Difference Between Centralized, Decentralized {\&} Distributed Systems Oversimplified},
 url = {https://www.8bitmen.com/difference-between-centralized-decentralized-distributed-systems-explained/},
 keywords = {cloud;decentralized web},
 urldate = {29.12.2019}
}


@misc{Sia.2019,
 abstract = {Sia is a decentralized storage platform secured by blockchain technology. The Sia Storage Platform leverages underutilized hard drive capacity around the world to create a data storage marketplace that is more reliable and lower cost than traditional cloud storage providers.},
 author = {Sia},
 year = {2019},
 title = {Sia},
 url = {https://sia.tech/},
 keywords = {Blockchain;decentralized;nebulous;sia;storage},
 urldate = {31.12.2019}
}


@misc{Swarm.2019,
 abstract = {Ethereum is a decentralized platform for applications that run exactly as programmed without any chance of fraud, censorship or third-party interference.},
 author = {Swarm},
 year = {2019},
 title = {Swarm},
 url = {https://swarm.ethereum.org/},
 urldate = {31.12.2019}
}


@misc{Sweeney.2016,
 abstract = {The vision of the Semantic Web is alive and well, in the evolving ecosystem of intelligent assistants.},
 author = {Sweeney, Peter},
 year = {2016},
 title = {The History of the Semantic Web is the Future of Intelligent Assistants},
 url = {https://medium.com/inventing-intelligent-machines/the-history-of-the-semantic-web-is-the-future-of-intelligent-assistants-da2ed50443be#.42y81yn1x},
 urldate = {02.12.2019}
}


@misc{SystemsInnovation.2018,
 abstract = {Decentralized Web The decentralized web, also called web 3.0 is a vision of the next generation internet as a peer to peer network built around blockchain technology, where users own their own data, data is portable, computing and storage resources are provided by end-users within distributed networks, apps run locally on end-user devices and platforms are decentralized and autonomous.~Today powerful new technologies are coalescing to take us into a new technological paradigm for the internet. These include the rapid development of the blockchain -- and other decentralized technologies such as IPFS -- the rise of advanced analytics coupled with datafication and $\ldots$},
 author = {{Systems Innovation}},
 year = {2018},
 title = {Decentralized Web},
 url = {https://systemsinnovation.io/decentralized-web-articles/},
 urldate = {28.10.2019}
}


@misc{Vecta.io.2019,
 abstract = {Free downloadable BigchainDB icon and symbols library in SVG, PNG, JPG formats},
 author = {Vecta.io},
 year = {2019},
 title = {BigchainDB icon},
 url = {https://vecta.io/symbols/75/brands-ba-bz/57/bigchaindb},
 urldate = {31.12.2019}
}


@book{Voshmgir.2019,
 author = {Voshmgir, Shermin},
 year = {2019},
 title = {Token economy: How blockchains and smart contracts revolutionize the economy},
 edition = {1st edition, 2nd amended printing},
 isbn = {978-3982103822}
}


@misc{Web3Foundation.2019,
 abstract = {Web3 Foundation Nurtures and stewards technologies and applications in the fields of decentralized web software protocols},
 author = {{Web3 Foundation}},
 year = {2019},
 title = {About Web3 Foundation},
 url = {https://web3.foundation/about/},
 urldate = {02.12.2019}
}


@misc{Web3Summit.2019,
 abstract = {Funkhaus Berlin August 19-21},
 author = {{Web3 Summit}},
 year = {2019},
 title = {Web3 Summit 2019},
 url = {https://web3summit.com/},
 urldate = {02.12.2019}
}


@misc{Weltmaschine.de.2019,
 author = {Weltmaschine.de},
 year = {2019},
 title = {CERN},
 url = {https://www.weltmaschine.de/cern_und_lhc/cern/},
 urldate = {18.01.2020}
}


@misc{Winters.2017,
 abstract = {Lese hier vom neuen Internetlink f{\"u}r das Referendum 1-0. Die Wahlberechtigten k{\"o}nnen sich hier {\"u}ber Details zum Referendum 1-0 erkundigen. Was macht ESP?},
 author = {Winters, Rainer},
 editor = {{ANA LOGO}},
 year = {2017},
 title = {Katalonien ver{\"o}ffentlicht neuen Link f{\"u}r Referendum 1-0},
 url = {https://analogo.de/2017/09/23/katalonien-veroeffentlicht-neuen-internetlink-fuer-referendum-1-0/},
 keywords = {barcelona;bev{\"o}lkerung;demokratie;demonstrant;demonstration;exekutive;judikative;katalonien;kommunikation;l{\"a}nder;madrid;malu dreyer;Medien;parteien;partizipation;petitionen;politische verantwortung;polizei;polizeibeamte;recht;repression;spanien;spd;staatsanwaltschaft;st{\"a}dte;systeme;totalitarismus;transparenz;verstummungspolitik;v{\"o}lkerrecht;volksbegehren;wahlen;wahlrecht;zensur},
 urldate = {31.12.2019}
}


